@inproceedings{gal2016dropout,
  title={Dropout as a bayesian approximation: Representing model uncertainty in deep learning},
  author={Gal, Y. and Ghahramani, Z.},
  booktitle={International Conference on Machine Learning},
  pages={1050--1059},
  year={2016},
  address={New York City, NY, USA}
}
@phdthesis{gal2016uncertainty,
  title={Uncertainty in deep learning},
  author={Gal, Y.},
  school={University of Cambridge},
  year={2016},
}
@inproceedings{simonyan15,
  title={Very Deep Convolutional Networks for Large-Scale Image Recognition},
  author={Simonyan, K. and Zisserman, A.},
  booktitle={International Conference on Learning Representations},
  year={2015},
  address={San Diego, CA, USA},
}
@inproceedings{smith2018understanding,
  title={Understanding measures of uncertainty for adversarial example detection},
  author={Smith, L. and Gal, Y.},
  journal={Uncertainty in Artificial Intelligence},
  pages={560--570},
  year={2018},
  address={Monterey, CA, USA},
}
@inproceedings{wilson20,
  author={Wilson, A. and Izmailov, P.},
  title={Bayesian Deep Learning and a Probabilistic Perspective of Generalization},
  booktitle={Neural Information Processing Systems},
  year={2020},
  address={virtual},
}
@inproceedings{khan18,
  author={Khan, M. E. and Nielsen, D. and Tangkaratt, V. and Lin, W. and Gal, Y. and Srivastava, A.},
  title={Fast and Scalable Bayesian Deep Learning by Weight-Perturbation in Adam},
  booktitle={International Conference on Machine Learning},
  volume={80},
  pages={2616--2625},
  year={2018},
  address={Stockholm, Sweden},
}
@inproceedings{osawa19,
  author={Osawa, K and Swaroop, S. and Khan, M. E. and Jain, A. and Eschenhagen, R. and Turner, R. E. and Yokota, R.},
  title= {Practical Deep Learning with Bayesian Principles},
  booktitle={Neural Information Processing Systems},
  pages={4289--4301},
  year={2019},
  address={Vancouver, BC, Canada}
}
